@MASTERSTHESIS{Schmied,
    author = "Jan Schmied",
    title = "GPU akcelerované prolamování­ ¹ifer",
    school = "FIT VUT v Brnì",
    year = "2014",
    type = "diplomová práce",
}
   
