@MISC{RFC4213,
    title = "Basic Transition Mechanisms for IPv6 Hosts and Routers",
    year = "říjen 2005 [cit. 2015-11-21]",
    note = "https://tools.ietf.org/html/rfc4213"
}

@MISC{RFC2292,
    title = "Advanced Sockets API for IPv6",
    year = "únor 1998 [cit. 2015-11-21]",
    note = "https://tools.ietf.org/html/rfc2292"
}

@MISC{Marton,
    title = "Sending raw Ethernet packets from a specific interface in C on Linux",
    author = "Austin Marton",
    year = "14. září 2011 [cit. 2015-11-21]",
    note = "https://austinmarton.wordpress.com/2011/09/14/sending-raw-ethernet-packets-from-a-specific-interface-in-c-on-linux/"
}

@MISC{Moon,
    title = "Packet Sniffer Code in C using sockets | Linux",
    author = "Silver Moon",
    year = "26. května 2009 [cit. 2015-11-21]",
    note = "http://www.binarytides.com/packet-sniffer-code-c-linux/"
}

@MISC{Buchan,
    title = "C Language Examples of IPv4 and IPv6 Raw Sockets for Linux",
    author = "P. David Buchan",
    year = "6. března 2015 [cit. 2015-11-21]",
    note = "http://www.pdbuchan.com/rawsock/rawsock.html"
}
