% nasledujici radky prevzaty z xampl.bib

@PREAMBLE{ "\newcommand{\noopsort}[1]{} "
        # "\newcommand{\printfirst}[2]{#1} "
        # "\newcommand{\singleletter}[1]{#1} "
        # "\newcommand{\switchargs}[2]{#2#1} " }

@BOOK{Lamport:latex_a_document_preparation_system,
    author = "Leslie Lamport",
    title = "\LaTeX: a document preparation system",
    address = "Boston",
    publisher = "Addison-Wesley",
    year = "1994",
    volume = "2.~vyd.",
    isbn = "0-201-52983-1",
}

@BOOK{Rybicka:latex_pro_zacatecniky,
    author = "Ji{\v{ri}} Rybi{\v{c}}ka",
    title = "\LaTeX pro za{\v{c}\'{a}}te{\v{c}}n{\'{i}}ky",
    address = "Brno",
    publisher = "Konvoj",
    year = "2003",
    volume = "3.~vyd.",
    isbn = "80-7302-049-1",
}

@ONLINE{Strafelda:co_je_typografie,
    author = "Jan {\v{S}}tr{\'{a}}felda",
    title = "Typografie",
    year = "",
    cited = "14.\,4.\,2015",
    url = "http://www.adaptic.cz/znalosti/slovnicek/typografie/"
}

@ONLINE{Polakovic:CSS,
    author = "Jaroslav Polakovi{\v{c}}",
    title = "Typografie a kask{\'{a}}dov{\'{e}} styly (CSS)",
    year = "2005",
    cited = "14.\,4.\,2015",
    url = "http://typografie.dero.name/typografie-css.php"
}

@ONLINE{Pecina:typografie_na_webu,
    author = "Martin Pecina",
    title = "Typografie na webu",
    year = "",
    cited = "14.\,4.\,2015",
    url = "http://typomil.com/typografie-na-webu.htm"
}

@BOOK{Pecina:o_konstruktivismu_v_typografii,
    author = "Host",
    title = "liter{\'{a}}rn{\'{i}} m{\v{e}}s{\'{i}\v{c}}n{\'{i}}k",
    address = "Brno",
    publisher = "Spolek p{\v{r}}{\'{a}}tel vyd{\'{a}}v{\'{a}}n{\'{a}} {\v{c}}asopisu HOST",
    year = "2010",
    volume = "1/2010",
    issn = "1211-9938",   
}

@ARTICLE{Rybicka:typografie_a_tex,
    author = "Ji{\v{r}\'{i}} Rybi{\v{c}}ka",
    title = "Typografie a \TeX",
    journal = "Zpravodaj",
    year = "2008",
    volume = "3",
    pages = "104--109",
    issn = "1211-6661",
}

@ARTICLE{Wilson:sudokubundle,
    author = "Peter Wilson",
    title = "Bal{\'{i}\v{c}}ek sudokubundle",
    journal = "Zpravodaj",
    year = "2010",
    volume = "3",
    pages = "227--241",
    issn = "1211-6661",
}

@MASTERSTHESIS{Stastny:navrh_internetovych_stranek,
    author = "Jakub {\v{St}}astn{\'{y}}",
    title = "N{\'{a}}vrh internetov{\'{y}}ch str{\'{a}}nek",
    school = "VUT-FP",
    year = "2008",
    address = "Brno",
    type = "Bakal{\'{a}}sk{\'{a}} pr{\'{a}}ce",
}

@MASTERSTHESIS{Jiricek:zivy_font,
    author = "Milan Ji{\v{r}\'{i}}{\v{c}}ek",
    title = "{\v{Z}}iv{\v{y}} font",
    school = "VUT-FEKT",
    year = "2012",
    address = "Brno",
    type = "Diplomov{\'{a}} pr{\'{a}}ce",
}
