@BOOK{AC:1996,
    title  = "Handbook of Applied Cryptography",
    author = "Alfred J. Mezenes and Paul C. van Oorschot and Scott A. Vanstone",
    address = "Boca Raton (Florida)",
    publisher = "CRC Press",
    year = "1996",
    month = "říjen",
    note = "816 s.",
    isbn = "0-8493-8523-7",
    edition = 5
}
@MISC{NIST:2015,
    title = "Secured Hash Standard (SHS)", 
    howpublished = "Federal Information Processing Standards Publication 180-4", 
    year = "2015", 
    url = "http://csrc.nist.gov/publications/fips/fips180-4/fips-180-4.pdf"
}
@MISC{NIST:2012,
    author = "William C. Barker and Elaine Barker",
    title = "Recommendation forthe Triple Data Encryption Algorithm (TDEA) Block Cipher", 
    howpublished = "National Institute of Standards and Technlogy Special Publication 800-67",
    note = "Revision 1",
    year = "2012", 
    url = "http://csrc.nist.gov/publications/nistpubs/800-67-Rev1/SP-800-67-Rev1.pdf"
}
@MISC{NIST:2001,
    title = "Specification for the Advanced Encryption Standard (AES)", 
    howpublished = "Federal Information Processing Standards Publication 197", 
    year = "2001", 
    url = "http://csrc.nist.gov/publications/fips/fips197/fips-197.pdf"
}
@MISC{Pavlov:2015,
    author = "Igor Pavlov",
    title = "7-Zip method IDs for 7z and xz archives",
    year = "2015-08-04 [cit. 2015-11-29]",
    url = "http://cpansearch.perl.org/src/BJOERN/Compress-Deflate7-1.0/7zip/DOC/Methods.txt"
}
@MISC{Pavlov:2010,
    author = "Igor Pavlov",
    title = "7z Format description (4.59)",
    year = "2010-09-16 [cit. 2015-11-29]",
    url = "http://cpansearch.perl.org/src/BJOERN/Compress-Deflate7-1.0/7zip/DOC/7zFormat.txt"
}
@MISC{7z:2015,
    author = "Igor Pavlov",
    title = "7z Format",
    year = "2015 [cit. 2015-11-29]",
    url = "http://www.7-zip.org/7z.html"
}
@MISC{wikipedie:Pavlov,
    title = "Igor Pavlov (programmer)",
    year = "2015-11-16 [cit. 2015-11-29]",
    url = "https://en.wikipedia.org/wiki/Igor_Pavlov_(programmer)"
}
@MISC{AMD:2011,
    author = {{AMD Staff}},
    title = "OpenCL and the AMD APP SDK v2.4",
    year = "2011-06-04 [cit. 2015-11-26]",
    url = "http://developer.amd.com/resources/documentation-articles/articles-whitepapers/opencl-and-the-amd-app-sdk-v2-4/"
}
@MISC{NVIDIA,
    author = {{Nvidia Corporation}},
    title = "CUDA Parallel Computing Platform",
    year = "2015 [cit. 2015-12-09]",
    url = "http://www.nvidia.com/object/cuda_home_new.html"
}
@MISC{Khronos:2015,
    author = {{Khronos OpenCL Working Group}},
    title = "The OpenCL Specification v2.1 rev.23",
    year = "2015-11-11 [cit. 2015-11-26]",
    url = "https://www.khronos.org/registry/cl/specs/opencl-2.1.pdf"
}
@MISC{ISOIEC:2015,
    title = " ISO/IEC 21320-1:2015 - Information technology -- Document Container File -- Part 1:
        Core",
    year = "2015 [cit. 2015-11-17]",
    url = "https://www.iso.org/obp/ui/#iso:std:60101:en"
}
@MISC{PKWARE:2015,
    author = {{PKWARE, Inc.}},
    title = "Our Founder - Phil Katz",
    year = "[cit. 2015-11-17]",
    url = "https://www.pkware.com/about-us/phil-katz"
}
@MISC{PKWARE:2014,
    author = {{PKWARE, Inc.}},
    title = "APPNOTE.TXT - .ZIP File Format Specification",
    year = "2014-10-1 [cit. 2015-11-17]",
    url = "https://pkware.cachefly.net/webdocs/casestudies/APPNOTE.TXT"
}
@BOOK{Hranicky,
    author  = "Radek Hranický and Vladimír Veselý",
    title   = "Obnova hesel s GPU akcelerací",
    publisher = "Fakulta informačních technologií, Vysoké učení technické, Božetěchova 2, 612 66 Brno",
    year    = "2010"
}
@MASTERSTHESIS{Schmied,
    author = "Jan Schmied",
    title = "GPU akcelerované prolamování šifer",
    school = "FIT VUT v Brně",
    year = "2014",
    type = "diplomová práce",
}
CryptoAPI https://msdn.microsoft.com/en-us/library/windows/desktop/aa379916(v=vs.85).aspx
UnRAR http://www.rarlab.com/rar_add.htm
